<?xml version="1.0" encoding="utf-8"?>
<record xmlns="http://www.loc.gov/MARC21/slim" xmlns:xsi="http://www.w3.org/2001/XMLSchema-instance" xsi:schemaLocation="http://www.loc.gov/MARC21/slim http://www.loc.gov/standards/marcxml/schema/MARC21slim.xsd">
	<leader>     nam a22        4500</leader>
	<controlfield tag="001">b17665917</controlfield>
	<controlfield tag="003">LeBAU</controlfield>
	<controlfield tag="006">m        d        </controlfield>
	<controlfield tag="007">cr cn |||m|||a</controlfield>
	<controlfield tag="008">161025s1936    le a    ob    001 0 ara d</controlfield>
	<datafield ind1=" " ind2=" " tag="040">
		<subfield code="a">NNU</subfield>
		<subfield code="b">ara</subfield>
		<subfield code="e">rda</subfield>
		<subfield code="c">NNU</subfield>
	</datafield>
	<datafield ind1=" " ind2="4" tag="050">
		<subfield code="a">WZ 80.5.A8</subfield>
		<subfield code="b">H126 1936</subfield>
	</datafield>
	<datafield ind1="0" ind2="4" tag="082">
		<subfield code="a">610.9</subfield>
		<subfield code="2">23</subfield>
	</datafield>
	<datafield ind1="1" ind2=" " tag="100">
		<subfield code="6">880-01</subfield>
		<subfield code="a">Ḥaddād, Sāmī Ibrāhīm,</subfield>
		<subfield code="d">1890-1957,</subfield>
		<subfield code="e">author.</subfield>
	</datafield>
	<datafield ind1="1" ind2="0" tag="245">
		<subfield code="6">880-02</subfield>
		<subfield code="a">Ma’āthir al-‘Arab fī al-‘ulūm al-ṭibbīyah /</subfield>
		<subfield code="c">lil-Duktūr Sāmī Ḥaddād, ‘uḍw al-Kullīyah al-Jirāḥīyah al-Amīrkīyah wa-aḥad asātidhat al-‘ulūm al-jirāḥīyah bi-Jāmi‘at Bayrūt al-Amīrkīyah.</subfield>
	</datafield>
	<datafield ind1="1" ind2=" " tag="246">
		<subfield code="6">880-03</subfield>
		<subfield code="i">Title on page 4 of cover:</subfield>
		<subfield code="a">Arab contribution to the Medical Sciences</subfield>
	</datafield>
	<datafield ind1=" " ind2="1" tag="264">
		<subfield code="6">880-04</subfield>
		<subfield code="a">Bayrūt :</subfield>
		<subfield code="b">Maṭba‘at al-Rīḥānī,</subfield>
		<subfield code="c">1936.</subfield>
	</datafield>
	<datafield ind1=" " ind2=" " tag="300">
		<subfield code="6">880-05</subfield>
		<subfield code="a">online resource (79 pages) :</subfield>
		<subfield code="b">illustrations</subfield>
	</datafield>
	<datafield ind1=" " ind2=" " tag="336">
		<subfield code="a">text</subfield>
		<subfield code="2">rdacontent</subfield>
	</datafield>
	<datafield ind1=" " ind2=" " tag="337">
		<subfield code="a">computer</subfield>
		<subfield code="2">rdamedia</subfield>
	</datafield>
	<datafield ind1=" " ind2=" " tag="338">
		<subfield code="a">online resource</subfield>
		<subfield code="2">rdacarrier</subfield>
	</datafield>
	<datafield ind1="1" ind2=" " tag="490">
		<subfield code="6">880-06</subfield>
		<subfield code="a">Ma’āthir al-‘Arab fī al-‘Ulūm</subfield>
	</datafield>
	<datafield ind1=" " ind2=" " tag="500">
		<subfield code="a">Part of the Arabic Collections Online (ACO) project, contributed by American University of Beirut's Jafet Memorial Library.</subfield>
	</datafield>
	<datafield ind1=" " ind2=" " tag="533">
		<subfield code="a">Electronic reproduction.</subfield>
		<subfield code="b">New York, N.Y. :</subfield>
		<subfield code="c">New York University,</subfield>
		<subfield code="d">2016.</subfield>
		<subfield code="5">NNU</subfield>
	</datafield>
	<datafield ind1=" " ind2="0" tag="650">
		<subfield code="6">880-07</subfield>
		<subfield code="a">Medicine, Arab.</subfield>
	</datafield>
	<datafield ind1=" " ind2="0" tag="650">
		<subfield code="6">880-08</subfield>
		<subfield code="a">Surgery.</subfield>
	</datafield>
	<datafield ind1=" " ind2="0" tag="650">
		<subfield code="6">880-09</subfield>
		<subfield code="a">Diagnosis.</subfield>
	</datafield>
	<datafield ind1="2" ind2=" " tag="710">
		<subfield code="a">Jafet Memorial Library.</subfield>
	</datafield>
	<datafield ind1="0" ind2=" " tag="730">
		<subfield code="a">Arabic Collections Online.</subfield>
	</datafield>
	<datafield ind1="0" ind2="8" tag="776">
		<subfield code="i">Print version:</subfield>
		<subfield code="a">Ḥaddād, Sāmī Ibrāhīm, 1890-1957, author.</subfield>
		<subfield code="t">Ma’āthir al-‘Arab fī al-‘ulūm al-ṭibbīyah</subfield>
		<subfield code="w">(LeBAU)b17665917</subfield>
	</datafield>
	<datafield ind1=" " ind2="0" tag="830">
		<subfield code="6">880-10</subfield>
		<subfield code="a">Ma’āthir al-‘Arab fī al-‘Ulūm.</subfield>
	</datafield>
	<datafield ind1="4" ind2="0" tag="856">
		<subfield code="u">http://hdl.handle.net/2333.1/n2z34zfq</subfield>
	</datafield>
	<datafield ind1="1" ind2=" " tag="880">
		<subfield code="6">100-01/r</subfield>
		<subfield code="a">حداد، سامي إبراهيم،</subfield>
		<subfield code="d">1890-1957،</subfield>
		<subfield code="e">author.</subfield>
	</datafield>
	<datafield ind1="1" ind2="0" tag="880">
		<subfield code="6">245-02/r</subfield>
		<subfield code="a">مآثر العرب في العلوم الطبية /</subfield>
		<subfield code="c">للدكتور سامي حداد، عضو الكلية الجراحية الأميركية وأحد أساتذة العلوم الجراحية بجامعة بيروت الأميركية.</subfield>
	</datafield>
	<datafield ind1="1" ind2=" " tag="880">
		<subfield code="6">246-03/r</subfield>
		<subfield code="i">العنوان على صفحة [4] من الغلاف:</subfield>
		<subfield code="a">Arab contribution to the Medical Sciences</subfield>
	</datafield>
	<datafield ind1=" " ind2="1" tag="880">
		<subfield code="6">264-04/r</subfield>
		<subfield code="a">بيروت :</subfield>
		<subfield code="b">مطبعة الريحاني،</subfield>
		<subfield code="c">1936.</subfield>
	</datafield>
	<datafield ind1=" " ind2=" " tag="880">
		<subfield code="6">300-05/r</subfield>
		<subfield code="a">79 صفحة :</subfield>
		<subfield code="b">مصورات ؛</subfield>
		<subfield code="c">24 سم.</subfield>
	</datafield>
	<datafield ind1="1" ind2=" " tag="880">
		<subfield code="6">490-06/r</subfield>
		<subfield code="a">مآثر العرب في العلوم</subfield>
	</datafield>
	<datafield ind1=" " ind2=" " tag="880">
		<subfield code="6">500-00/r</subfield>
		<subfield code="a">&quot;محاضرة تليت في جمعية &quot;العروة الوثقى&quot; بالجامعة&quot;</subfield>
	</datafield>
	<datafield ind1=" " ind2=" " tag="880">
		<subfield code="6">500-00/r</subfield>
		<subfield code="a">&quot;إن هذه الرسالة التي نضعها الآن بين أيدي القراء نشأت كمحاضرة ألقيت في قاعة &quot;وست&quot; في جامعة بيروت الأميركية بدعوة من جمعية العروة الوثقى التي نظمت لهذا العام الدراسي محاضرات في موضوع &quot;مآثر العرب في العلوم&quot; فكانت محاضرتنا &quot;مآثر العرب في العلوم الطبية&quot; الحلقة الأولى من تلك السلسلة&quot; --تمهيد.</subfield>
	</datafield>
	<datafield ind1=" " ind2=" " tag="880">
		<subfield code="6">504-00/r</subfield>
		<subfield code="a">يتضمن مراجع ببليوغرافية (صفحات 77-78) وكشاف.</subfield>
	</datafield>
	<datafield ind1=" " ind2="4" tag="880">
		<subfield code="6">650-07/r</subfield>
		<subfield code="a">الطب العربي.</subfield>
	</datafield>
	<datafield ind1=" " ind2="4" tag="880">
		<subfield code="6">650-08/r</subfield>
		<subfield code="a">الجراحة.</subfield>
	</datafield>
	<datafield ind1=" " ind2="4" tag="880">
		<subfield code="6">650-09/r</subfield>
		<subfield code="a">التشخيص.</subfield>
	</datafield>
	<datafield ind1=" " ind2="1" tag="880">
		<subfield code="6">830-10/r</subfield>
		<subfield code="a">مآثر العرب في العلوم.</subfield>
	</datafield>
	<datafield ind1=" " ind2=" " tag="959">
		<subfield code="a">NNU</subfield>
		<subfield code="b">WEB</subfield>
		<subfield code="c">GENI</subfield>
		<subfield code="t">0</subfield>
		<subfield code="m">Electronic access</subfield>
		<subfield code="s">01</subfield>
	</datafield>
	<datafield ind1=" " ind2=" " tag="999">
		<subfield code="i">LeBAU_b17665917</subfield>
		<subfield code="s">aub_aco000134</subfield>
		<subfield code="e">(ERROR-MISC)</subfield>
		<subfield code="s">aub_aco000134</subfield>
	</datafield>
</record>
